/home/jannis/Documents/sources/bibtex/BachelorArbeit.bib